<?xml version="1.0" encoding="UTF-8" ?>
<record Numero="14020542" format="InterXMarc_Complet" type="Authority">
<leader>00353c1 au22000272  45  <Pos Code="0004">00353</Pos>
<Pos Code="05" Sens="notice modifiée">c</Pos>
<Pos Code="06" Sens="notice validée en catalogage courant">1</Pos>
<Pos Code="08" Sens="notice d&apos;autorité">a</Pos>
<Pos Code="09" Sens="titre uniforme musical (TUM)">u</Pos>
<Pos Code="10">2</Pos>
<Pos Code="11">2</Pos>
<Pos Code="1216">00027</Pos>
<Pos Code="17" Sens="autres cas">2</Pos>
<Pos Code="20">4</Pos>
<Pos Code="21">5</Pos>
</leader>
<controlfield tag="001">FRBNF140205423<Pos Code="0001">FR</Pos>
<Pos Code="0204">BNF</Pos>
<Pos Code="0512">14020542</Pos>
<Pos Code="13">3</Pos>
</controlfield>
<controlfield tag="008">990315140522yy    sn        ....      ....                   1   <Pos Code="0001">99</Pos>
<Pos Code="0203">03</Pos>
<Pos Code="0405">15</Pos>
<Pos Code="0607">14</Pos>
<Pos Code="0809">05</Pos>
<Pos Code="1011">22</Pos>
<Pos Code="1213" Sens="ne s&apos;applique pas">yy</Pos>
<Pos Code="1820" Sens="sonate [sonate d&apos;église => sonate]">sn </Pos>
<Pos Code="2831">....</Pos>
<Pos Code="3841">....</Pos>
<Pos Code="61" Sens="La vedette peut être liée à une notice bibliographique sauf pour l&apos;accès matière RAMEAU">1</Pos>
</controlfield>
<datafield tag="048" ind1=" " ind2=" ">
	<subfield code="a">ka01<Pos Code="0001" Sens="clavier - piano">ka</Pos>
<Pos Code="02">0</Pos>
<Pos Code="03">1</Pos>
</subfield>
	<subfield code="a">sa01<Pos Code="0001" Sens="cordes frottées - violon">sa</Pos>
<Pos Code="02">0</Pos>
<Pos Code="03">1</Pos>
</subfield>
</datafield>
<datafield tag="100" ind1=" " ind2=" ">
	<subfield code="3">13895502</subfield>
	<subfield code="w">.0..b.....</subfield>
	<subfield code="a">Ives</subfield>
	<subfield code="m">Charles</subfield>
	<subfield code="d">1874-1954</subfield>
</datafield>
<datafield tag="144" ind1="1" ind2=" ">
	<subfield code="w">....b.....</subfield>
	<subfield code="a">Sonates</subfield>
	<subfield code="b">Piano, violon</subfield>
	<subfield code="n">No 3</subfield>
	<subfield code="k">Ki W 21</subfield>
</datafield>
<datafield tag="600" ind1=" " ind2=" ">
	<subfield code="a">Édité à San Francisco</subfield>
</datafield>
<datafield tag="600" ind1=" " ind2=" ">
	<subfield code="a">1913 (ca., comp.)</subfield>
</datafield>
<datafield tag="600" ind1=" " ind2=" ">
	<subfield code="a">Éd. : 1951</subfield>
</datafield>
<datafield tag="610" ind1=" " ind2=" ">
	<subfield code="a">Grove 6</subfield>
</datafield>
<datafield tag="917" ind1=" " ind2=" ">
	<subfield code="o">OPC</subfield>
	<subfield code="a">101615160</subfield>
</datafield>
<Alter Ori="13895502">
<datafield tag="400" ind1=" " ind2=" ">
	<subfield code="w">....b.....</subfield>
	<subfield code="a">Ives</subfield>
	<subfield code="m">Charles Edward</subfield>
	<subfield code="d">1874-1954</subfield>
</datafield>
<datafield tag="031" ind1=" " ind2=" ">
	<subfield code="a">0000000121291220</subfield>
	<subfield code="2" Sens="ISNI chargé à partir de VIAF">VIAF</subfield>
	<subfield code="d">20130731<Pos Code="0003">2013</Pos>
<Pos Code="0407" Sens="31 juillet">0731</Pos>
</subfield>
</datafield>
</Alter>
<Attr Nom="IDPerenne">ark:/12148/cb14020542f</Attr>
<Attr Nom="NumSource">OPC 101615160</Attr>
<Attr Nom="Source" Sens="BnF catalogue général (depuis 1999)">A</Attr>
<Attr Nom="NumAutoriteLiee">13895502</Attr>
<Attr Nom="DateCreation">15/03/ 1999</Attr>
<Attr Nom="ResponsableCreation">MIGV2</Attr>
<Attr Nom="StructCreation">1</Attr>
<Attr Nom="DateDerniereValidation">22/05/ 2014</Attr>
<Attr Nom="ResponsableDerniereValidation">SERRES CATHERINE</Attr>
<Attr Nom="StructPremiereValidation">1</Attr>
<Attr Nom="DatePremiereValidation">15/03/ 1999</Attr>
<Attr Nom="ResponsablePremiereValidation">MIGV2</Attr>
<Attr Nom="StructDerniereValidation">82</Attr>
<Attr Nom="NumSource">OPP 14828822</Attr>
</record>
